@inproceedings{cromwell2015,
  title={Computational creativity in the culinary arts},
  author={Cromwell, Erol and Galeota-Sprung, Jonah and Ramanujan, Raghuram},
  booktitle={FLAIRS Conference},
  pages={38--42},
  year={2015}
}